<?xml version="1.0" encoding="UTF-8"?><collection xmlns="http://www.loc.gov/MARC21/slim"><record><leader>00407nam--2200121-i-4500</leader><controlfield tag="001">000032578</controlfield><controlfield tag="002">20161230</controlfield><controlfield tag="005">20161230201039</controlfield><controlfield tag="008">060222s1000------------r-----000-0-eng-d</controlfield><datafield ind1=" " ind2=" " tag="245"><subfield code="a">Methodes d`analyse radiochimique.(rapport d`un comite d`expert mixte oms/fao</subfield></datafield><datafield ind1=" " ind2=" " tag="260"><subfield code="a">Rome, Orgas Des Nations Unies Pour L`Alimentation Et L`Agriculture, 1959. 123p</subfield></datafield><datafield ind1=" " ind2=" " tag="490"><subfield code="a">Collection Fao Energie Atomique</subfield></datafield><datafield ind1=" " ind2=" " tag="852"><subfield code="a">11503</subfield></datafield></record></collection>